<?xml version="1.0" encoding="UTF-8"?><record xmlns="http://www.loc.gov/MARC21/slim" xmlns:cinclude="http://apache.org/cocoon/include/1.0" xmlns:zs="http://www.loc.gov/zing/srw/">
  <leader>00638cz  a2200133n  4500</leader>
  <controlfield tag="001">n  90722894 </controlfield>
  <controlfield tag="003">DLC</controlfield>
  <controlfield tag="005">20120802082507.0</controlfield>
  <controlfield tag="008">901210n| acannaab           |n and      </controlfield>
  <datafield tag="010" ind1=" " ind2=" ">
    <subfield code="a">n  90722894 </subfield>
  </datafield>
  <datafield tag="040" ind1=" " ind2=" ">
    <subfield code="a">DLC</subfield>
    <subfield code="b">eng</subfield>
    <subfield code="c">DLC</subfield>
    <subfield code="d">DLC</subfield>
  </datafield>
  <datafield tag="111" ind1="2" ind2=" ">
    <subfield code="a">Seminar on Quality Control of Processed Foods</subfield>
    <subfield code="d">(1978 :</subfield>
    <subfield code="c">Trivandrum, India)</subfield>
  </datafield>
  <datafield tag="667" ind1=" " ind2=" ">
    <subfield code="a">THIS 1XX FIELD CANNOT BE USED UNDER RDA UNTIL THIS RECORD HAS BEEN REVIEWED AND/OR UPDATED</subfield>
  </datafield>
  <datafield tag="670" ind1=" " ind2=" ">
    <subfield code="a">nuc90-69921: Its Quality control of processed foods, 1979</subfield>
    <subfield code="b">(hdg. on DNAL rept.: Seminar on Quality Control of Processed Foods; usage: Seminar on Quality Control of Processed Foods, Dec. 15-16, 1978, Trivandrum)</subfield>
  </datafield>
</record>